% Encoding: UTF-8
@article{Boyde2009,
	doi = {10.1364/josaa.26.001814},
	year = 2009,
	month = {jul},
	publisher = {The Optical Society},
	volume = {26},
	number = {8},
	pages = {1814},
	author = {Lars Boyde and Kevin J. Chalut and Jochen Guck},
	title = {Interaction of Gaussian beam with near-spherical particle: an analytic-numerical approach for assessing scattering and stresses},
	journal = {Journal of the Optical Society of America A}
}

@article{Guck2001,
	doi = {10.1016/s0006-3495(01)75740-2},
	year = 2001,
	month = {aug},
	publisher = {Elsevier {BV}},
	volume = {81},
	number = {2},
	pages = {767--784},
	author = {Jochen Guck and Revathi Ananthakrishnan and Hamid Mahmood and Tess J. Moon and C. Casey Cunningham and Josef Käs},
	title = {The Optical Stretcher: A Novel Laser Tool to Micromanipulate Cells},
	journal = {Biophysical Journal}
}

@article{Bellini2012,
    doi = {10.1364/boe.3.002658},
    year = 2012,
    month = {sep},
    publisher = {The Optical Society},
    volume = {3},
    number = {10},
    pages = {2658},
    author = {Nicola Bellini and Francesca Bragheri and Ilaria Cristiani and Jochen Guck and Roberto Osellame and Graeme Whyte},
    title = {Validation and perspectives of a femtosecond laser fabricated monolithic optical stretcher},
    journal = {Biomedical Optics Express}
}

@Book{Lure1964,
  title     = {Three dimensional problems of the theory of elasticity},
  publisher = {Wiley},
  year      = {1964},
  author    = {A.I Lur'e},
}

@Article{Ananthakrishnan2006,
  author    = {Revathi Ananthakrishnan and Jochen Guck and Falk Wottawah and Stefan Schinkinger and Bryan Lincoln and Maren Romeyke and Tess Moon and Josef Käs},
  title     = {Quantifying the contribution of actin networks to the elastic strength of fibroblasts},
  journal   = {Journal of Theoretical Biology},
  year      = {2006},
  volume    = {242},
  number    = {2},
  pages     = {502--516},
  month     = {sep},
  doi       = {10.1016/j.jtbi.2006.03.021},
  publisher = {Elsevier {BV}},
}

@Article{Ananthakrishnan2008Corr,
  author    = {Revathi Ananthakrishnan and Jochen Guck and Falk Wottawah and Stefan Schinkinger and Bryan Lincoln and Maren Romeyke and Tess Moon and Josef Käs},
  title     = {Corrrigendum to "Quantifying the contribution of actin networks to the elastic strength of fibroblasts"},
  journal   = {Journal of Theoretical Biology},
  year      = {2008},
  volume    = {255},
  number    = {1},
  pages     = {162},
  month     = {nov},
  doi       = {10.1016/j.jtbi.2008.08.004},
  publisher = {Elsevier {BV}},
}

@Article{Boyde2012,
  author    = {Lars Boyde and Andrew Ekpenyong and Graeme Whyte and Jochen Guck},
  title     = {Comparison of stresses on homogeneous spheroids in the optical stretcher computed with geometrical optics and generalized Lorenz{\textendash}Mie theory},
  journal   = {Applied Optics},
  year      = {2012},
  volume    = {51},
  number    = {33},
  pages     = {7934},
  month     = {nov},
  doi       = {10.1364/ao.51.007934},
  publisher = {The Optical Society},
}

@Comment{jabref-meta: databaseType:bibtex;}
